%% This BibTeX bibliography file was created using BibDesk.
%% http://bibdesk.sourceforge.net/

%% Saved with string encoding Unicode (UTF-8) 


@misc{ patashnik-bibtexing,
       author = "Oren Patashnik",
       title = "BIBTEXing",
       year = "1988" }

@book{ab1,
Author = {Joss Wheadon},
	Date-Added = {2015-04-28 13:06:21 +0100},
	Date-Modified = {2015-04-28 13:06:21 +0100},
	Title = {Avenger: Age of Ultron},
	Year = {2015}}

@article{mjones01,
	Author = {M. Jones and N. Smirnoff},
	Date-Added = {2015-04-28 13:06:21 +0100},
	Date-Modified = {2015-04-28 13:06:21 +0100},
	Pages = {4269--4275},
	Title = {A Study in Fall},
	Year = {2015}}

@article{mjones02,
	Author = {Joss Wheadon},
	Date-Added = {2015-04-28 13:06:21 +0100},
	Date-Modified = {2015-04-28 13:06:21 +0100},
	Pages = {4269--4275},
	Title = {Avenger: Age of Ultron},
	Year = {2015}}
